<record><leader>00000cas a22000007a 4500</leader><controlfield tag="001">35162830</controlfield><controlfield tag="008">960730d19uu1963okuwr n       0    0eng d</controlfield><datafield ind1=" " ind2=" " tag="010"><subfield code="a">sn 96087986 </subfield></datafield><datafield ind1=" " ind2=" " tag="040"><subfield code="a">OBN</subfield><subfield code="b">eng</subfield><subfield code="c">OBN</subfield><subfield code="d">OCLCQ</subfield><subfield code="d">OCLCO</subfield></datafield><datafield ind1="1" ind2=" " tag="029"><subfield code="a">AU@</subfield><subfield code="b">000012746106</subfield></datafield><datafield ind1=" " ind2=" " tag="042"><subfield code="a">msc</subfield></datafield><datafield ind1=" " ind2=" " tag="043"><subfield code="a">n-us-ok</subfield></datafield><datafield ind1="0" ind2=" " tag="130"><subfield code="a">Boswell news (Boswell, Okla. : 1930)</subfield></datafield><datafield ind1="1" ind2="4" tag="245"><subfield code="a">The Boswell news.</subfield></datafield><datafield ind1="3" ind2=" " tag="246"><subfield code="a">Boswell news and the Boswell citizen</subfield></datafield><datafield ind1=" " ind2=" " tag="260"><subfield code="a">Boswell, Choctaw County, Okla. :</subfield><subfield code="b">R.E. Crossett</subfield></datafield><datafield ind1=" " ind2=" " tag="300"><subfield code="a">v.</subfield></datafield><datafield ind1=" " ind2=" " tag="310"><subfield code="a">Weekly</subfield></datafield><datafield ind1=" " ind2=" " tag="588"><subfield code="a">Description based on: Vol. 28, no. 49 (Nov. 27, 1930).</subfield></datafield><datafield ind1=" " ind2="0" tag="651"><subfield code="a">Boswell (Okla.)</subfield><subfield code="v">Newspapers.</subfield></datafield><datafield ind1=" " ind2="0" tag="651"><subfield code="a">Choctaw County (Okla.)</subfield><subfield code="v">Newspapers.</subfield></datafield><datafield ind1=" " ind2=" " tag="752"><subfield code="a">United States</subfield><subfield code="b">Oklahoma</subfield><subfield code="c">Choctaw</subfield><subfield code="d">Boswell.</subfield></datafield><datafield ind1="0" ind2="0" tag="780"><subfield code="t">Boswell news and Boswell citizen</subfield><subfield code="w">(DLC)sn 86063913</subfield><subfield code="w">(OCoLC)13663877</subfield></datafield><datafield ind1="0" ind2="5" tag="780"><subfield code="t">Southeast Oklahoman</subfield><subfield code="w">(DLC)sn 88084092</subfield><subfield code="w">(OCoLC)11072362</subfield></datafield><datafield ind1="0" ind2="7" tag="785"><subfield code="t">Hugo democrat</subfield><subfield code="w">(DLC)sn 96087984</subfield><subfield code="w">(OCoLC)35162651</subfield></datafield><datafield ind1="0" ind2="7" tag="785"><subfield code="t">Choctaw County weekly</subfield><subfield code="w">(DLC)sn 96087987</subfield><subfield code="w">(OCoLC)35162899</subfield></datafield></record>